@article{attention:2017,
title = {{Attention Is All You Need}},
author = {Vaswani, Ashish and Shazeer, Noam and Parmar, Niki and Uszkoreit, Jakob and Jones, Llion and N. Gomez, Aidan and Kaiser, Lukasz and Polosukhin, Illia},
journal = {arXiv:1607.06450},
year = {2017}
}

@article{bert:2018,
title = {{BERT: Pre-training of Deep Bidirectional Transformers for Language Understanding}},
author = {Devlin, Jacob and Chang, Ming-Wei and Lee, Kenton and Toutanova, Kristina},
journal = {arXiv:1810.04805},
year = {2018}
}

@article{berttopic:2022,
  author          = {Grootendorst, Maarten},
  journal         = {arXiv:2203.05794},
  title           = {BERTopic: Neural topic modeling with a class-based TF-IDF procedure},
  year            = {2022}
}

@article{depthscore:2021,
  title = {{Improving Unsupervised Dialogue Topic Segmentation with Utterance-Pair Coherence Scoring}},
  author = {Linzi, Xing and Carenini, Giuseppe},
  journal = {arXiv:2106.06719},
  year = {2021}
}

@article{mistral:2023,
  title = {{Mistral 7B}},
  author = {Jiang, Albert and Sablayrolles, Alexandre and Mensch, Arthur and Bamford, Chris},
  journal = {arXiv:2310.06825},
  year = {2023}
}

@article{llama:2023,
  title = {{Llama 2: Open Foundation and Fine-Tuned Chat Models}},
  author = {Touvron, Hugo and Martin, Louis and Stone Kevin},
  journal = {arXiv:2307.09288},
  year = {2023}
}

@article{prompttopic:2023,
  title = {{Prompting Large Language Models for Topic Modeling}},
  author = {Wang, Han and Prakash, Nirmalendu and Hoang, Nguyen and Hee, Ming},
  journal = {arXiv:2312.09693},
  year = {2023}
}

@article{qmsum:2021,
  title = {{QMSum: A New Benchmark for Query-based Multi-domain Meeting Summarization}},
  author = {Zhong, Ming and Yin, Da and Yu, Tao and Zaidi, Ahmad},
  journal = {arXiv:2104.05938},
  year = {2021}
}

@article{tiage:2021,
  title = {{TIAGE: A Benchmark for Topic-Shift Aware Dialog Modeling}},
  author = {Xie, Huiyuan and Liu, Zhenghao and Xiong, Chenyan and Liu, Zhiyuan and Copestake, Ann},
  journal = {arXiv:2109.04562},
  year = {2021}
}

@article{rotary:2021,
  title = {{RoFormer: Enhanced Transformer with Rotary Position Embedding}},
  author = {Jianlin, Su and
              Yu, Lu and
              Shengfeng, Pan and
              Bo, Wen and
              Yunfeng, Liu},
  journal = {CoRR},
  year = {2021}
}

@article{wd:2002,
  author          = {Pevzner, Lev and Hearst, Marti A.},
  journal         = {Computational Linguistics},
  title           = {{A Critique and Improvement of an Evaluation Metric for Text Segmentation}},
  year            = {2002}
}

@article{pk:1999,
  author          = {Doug, Beeferman and
                     Adam, Berger and
                     John, Laferty},
  journal         = {Machine Learning 34},
  title           = {{Statistical Models for Text Segmentation}},
  year            = {1999}
}

@article{topicdiversity:2019,
  author          = {Dieng, Adji B. and Ruiz, Francisco J. R. and Blei, David M.},
  journal         = {arXiv:1907.04907},
  title           = {{Topic Modeling in Embedding Spaces}},
  year            = {2019}
}

@article{topiccoh:2009,
  author          = {Bouma, Gerlof},
  journal         = {Proceedings of GSCL},
  title           = {{Normalized (Pointwise) Mutual Information in Collocation Extraction}},
  year            = {2009}
}

@article{whisper:2022,
  author          = {Radford, Alec and Kim, Jong Wook and Xu, Tao and Brockman, Greg and McLeavey, Christine and Sutskever, Ilya},
  journal         = {	arXiv:2212.04356},
  title           = {{Robust Speech Recognition via Large-Scale Weak Supervision}},
  year            = {2022}
}

@article{pyannote:2023,
  author={Hervé Bredin},
  title={{pyannote.audio 2.1 speaker diarization pipeline: principle, benchmark, and recipe}},
  year={2023},
  journal={Proc. INTERSPEECH 2023},
}

@article{sesseg:2016,
  author       = {Yiping, Song and
                  Lili, Mou and
                  Rui, Yan and
                  Li, Yi and
                  Zinan, Zhu and
                  Xiaohua, Hu and
                  Ming, Zhang},
  title        = {{Dialogue Session Segmentation by Embedding-Enhanced TextTiling}},
  journal      = {CoRR},
  year         = {2016},
}

@article{todbert:2020,
  author       = {Chien{-}Sheng, Wu and
                  Steven, Hoi and
                  Richard, Socher and
                  Caiming, Xiong},
  title        = {{ToD-BERT: Pre-trained Natural Language Understanding for Task-Oriented
                  Dialogues}},
  journal      = {CoRR},
  year         = {2020},
}

@article{topaware:2020,
  author       = {Yi, Xu and
                  Hai, Zhao and
                  Zhuosheng, Zhang},
  title        = {{Topic-Aware Multi-turn Dialogue Modeling}},
  journal      = {CoRR},
  year         = {2020},
}

@article{hydro:2023,
  author          = {Park, Seongmin and 
                     Seo, Jinkyu and 
                     Lee, Jihwa},
  journal         = {Interspeech 2023},
  title           = {{Unsupervised Dialogue Topic Segmentation in Hyperdimensional Space}},
  year            = {2023}
}

@article{Plaquet23:2023,
  author={Alexis Plaquet and Hervé Bredin},
  title={{Powerset multi-class cross entropy loss for neural speaker diarization}},
  year={2023},
  booktitle={Proc. INTERSPEECH 2023},
}

@article{dialsystem:2018,
  author       = {Chandra Khatri and
                  Rahul Goel and
                  Behnam Hedayatnia and
                  Angeliki Metanillou and
                  Anushree Venkatesh and
                  Raefer Gabriel and
                  Arindam Mandal},
  title        = {{Contextual Topic Modeling For Dialog Systems}},
  journal      = {CoRR},
  year         = {2018},
}

@article{jointmdl:2020,
  author          = {Joe, Barrow and
                     Rajiv, Jain and
                     Vlad, Morariu and
                     Varun, Manjunatha},
  journal         = {Proceedings of the 58th Annual Meeting of the Association for Computational Linguistics},
  title           = {{A Joint Model for Document Segmentation and Segment Labeling}},
  year            = {2020}
}

@article{clusterllm:2023,
  author          = {Yuwei, Zhang and Zihan, Wang and Jingbo, Shang},
  journal         = {EMNLP2023},
  title           = {{ClusterLLM: Large Language Models as a Guide for Text Clustering}},
  year            = {2023}
}

@article{atnm:2023,
  author          = {Hamed, Rahimi and Hubert, Naacke and Camelia, Constantin and Bernd Amann},
  journal         = {arXiv:2302.01501},
  title           = {{ANTM: An Aligned Neural Topic Model for Exploring Evolving Topics}},
  year            = {2023}
}

@article{plsa:2013,
  author          = {Thomas Hofmann},
  journal         = {	Appears in Proceedings of the Fifteenth Conference on Uncertainty in Artificial Intelligence},
  title           = {{Probabilistic Latent Semantic Analysis}},
  year            = {2013}
}